<?xml version="1.0"?>
<marc:records xmlns:marc="http://www.loc.gov/MARC21/slim" xmlns:xsi="http://www.w3.org/2001/XMLSchema-instance" xsi:schemaLocation="http://www.loc.gov/MARC21/slim http://www.loc.gov/standards/marcxml/schema/MARC21slim.xsd">
  <marc:record>
    <marc:leader>03388ctm a2200445Ia 4500</marc:leader>
    <marc:controlfield tag="001">9977250637303681</marc:controlfield>
    <marc:controlfield tag="005">20180326014900.0</marc:controlfield>
    <marc:controlfield tag="008">180228s1917    is a          000 0 arc d</marc:controlfield>
    <marc:datafield ind1=" " ind2=" " tag="035">
  <marc:subfield code="a">(OCoLC)1026389023</marc:subfield>
</marc:datafield>
    <marc:datafield ind1=" " ind2=" " tag="035">
  <marc:subfield code="a">(OCoLC)on1026389023</marc:subfield>
</marc:datafield>
    <marc:datafield ind1=" " ind2=" " tag="040">
  <marc:subfield code="a">PAU</marc:subfield>
  <marc:subfield code="b">eng</marc:subfield>
  <marc:subfield code="c">PAU</marc:subfield>
  <marc:subfield code="e">dacs</marc:subfield>
  <marc:subfield code="d">PAU</marc:subfield>
</marc:datafield>
    <marc:datafield ind1="0" ind2=" " tag="041">
  <marc:subfield code="a">arc</marc:subfield>
  <marc:subfield code="a">heb</marc:subfield>
</marc:datafield>
    <marc:datafield ind1=" " ind2=" " tag="043">
  <marc:subfield code="a">a-is---</marc:subfield>
</marc:datafield>
    <marc:datafield ind1=" " ind2=" " tag="049">
  <marc:subfield code="a">PAUU</marc:subfield>
</marc:datafield>
    <marc:datafield ind1=" " ind2="9" tag="099">
  <marc:subfield code="a">CAJS Rar Ms 467</marc:subfield>
</marc:datafield>
    <marc:datafield ind1="0" ind2="0" tag="245">
  <marc:subfield code="a">Marriage contract,</marc:subfield>
  <marc:subfield code="f">5677 (1917).</marc:subfield>
</marc:datafield>
    <marc:datafield ind1="3" ind2=" " tag="246">
  <marc:subfield code="6">880-01</marc:subfield>
  <marc:subfield code="a">Ketubah : T&#x323;everyah</marc:subfield>
</marc:datafield>
    <marc:datafield ind1=" " ind2=" " tag="300">
  <marc:subfield code="a">1 leaf :</marc:subfield>
  <marc:subfield code="b">paper, illustrations ;</marc:subfield>
  <marc:subfield code="c">48.8 X 38.8 cm</marc:subfield>
</marc:datafield>
    <marc:datafield ind1=" " ind2=" " tag="500">
  <marc:subfield code="6">880-02</marc:subfield>
  <marc:subfield code="a">The wedding took place on the Fourth day [Wed.] of the week, 25th day of the month of Elul, shemit&#x323;ah year 5677 [12 Sept. 1917] in the city of T&#x323;everyah. The groom is Me&#x2BC;ir H&#x323;at&#x323;ab n. ... ha-R. Shemu&#x2BC;el H&#x323;at&#x323;ab n. &#x2BB;E. The bride is H&#x323;eftsi Bah bat ha-R. Mosheh Malkah n. &#x2BB;E. Witnesses: ha-tsa&#x2BB;ir Maimon [?] Raboh&#x323;, S.t&#x323;.; ha-tsa&#x2BB;ir &#x2BB;Akiva H&#x323;iya Bahalul, S.t.&#x323;</marc:subfield>
</marc:datafield>
    <marc:datafield ind1=" " ind2=" " tag="520">
  <marc:subfield code="a">Printed ketubah form with manuscript standard ketubah text in black ink in Aramaic in Sephardic semi-cursive script. Decorative border and columns, crowns above columns, and wood-block engravings of the Western Wall, Rachel's Tomb, and Tomb of Rabbi Meir Baal Haness. Verses from Scripture in block Hebrew print surrounding the ketubah text: abridged verse from Ruth (4:11) and abridged verses from Jeremiah (33:10 and 15:9) at the top; verses from Proverbs 31 (abridged verse 10; verses 29-30) inside left and right borders; verse from Proverbs (18:22) in right column and abridged verse from Ecclesiastes (9:9) in left column. Wedding took place on 25 Elul 5677 (12 Sept. 1917), in Tiberias, Israel. Groom signature between witness signatures, on top of two revenue stamps. Form printed by Defus Sh. Tsuk&#x323;erman.</marc:subfield>
</marc:datafield>
    <marc:datafield ind1=" " ind2=" " tag="546">
  <marc:subfield code="a">Aramaic and Hebrew</marc:subfield>
  <marc:subfield code="b">(Sephardic semi-cursive)</marc:subfield>
</marc:datafield>
    <marc:datafield ind1="1" ind2=" " tag="561">
  <marc:subfield code="a">Sold at auction at Sotheby's, from the estate of Shlomo Moussaieff, 20 Dec. 2017, lot 112.</marc:subfield>
</marc:datafield>
    <marc:datafield ind1="1" ind2="0" tag="600">
  <marc:subfield code="a">H&#x323;at&#x323;ab, Me&#x2BC;ir</marc:subfield>
  <marc:subfield code="x">Marriage.</marc:subfield>
</marc:datafield>
    <marc:datafield ind1="0" ind2="0" tag="600">
  <marc:subfield code="a">H&#x323;eftsi Bah bat Mosheh Malkah</marc:subfield>
  <marc:subfield code="x">Marriage.</marc:subfield>
</marc:datafield>
    <marc:datafield ind1=" " ind2="0" tag="650">
  <marc:subfield code="a">Ketubah</marc:subfield>
  <marc:subfield code="v">Specimens.</marc:subfield>
</marc:datafield>
    <marc:datafield ind1=" " ind2="0" tag="650">
  <marc:subfield code="a">Prenuptial agreements (Jewish law)</marc:subfield>
  <marc:subfield code="v">Specimens.</marc:subfield>
</marc:datafield>
    <marc:datafield ind1=" " ind2="0" tag="650">
  <marc:subfield code="a">Marriage (Jewish law)</marc:subfield>
</marc:datafield>
    <marc:datafield ind1=" " ind2="0" tag="651">
  <marc:subfield code="a">Tiberias (Israel)</marc:subfield>
</marc:datafield>
    <marc:datafield ind1=" " ind2="7" tag="655">
  <marc:subfield code="a">Ketubahs.</marc:subfield>
  <marc:subfield code="2">aat</marc:subfield>
</marc:datafield>
    <marc:datafield ind1=" " ind2="7" tag="655">
  <marc:subfield code="a">Marriage certificates.</marc:subfield>
  <marc:subfield code="2">aat</marc:subfield>
</marc:datafield>
    <marc:datafield ind1=" " ind2="7" tag="655">
  <marc:subfield code="a">Blank forms.</marc:subfield>
  <marc:subfield code="2">aat</marc:subfield>
</marc:datafield>
    <marc:datafield ind1=" " ind2="0" tag="655">
  <marc:subfield code="a">Manuscripts, Hebrew</marc:subfield>
  <marc:subfield code="y">20th century.</marc:subfield>
</marc:datafield>
    <marc:datafield ind1="1" ind2=" " tag="700">
  <marc:subfield code="a">Raboh&#x323;, Maimon,</marc:subfield>
  <marc:subfield code="d">-1918,</marc:subfield>
  <marc:subfield code="e">witness.</marc:subfield>
</marc:datafield>
    <marc:datafield ind1="1" ind2=" " tag="700">
  <marc:subfield code="a">Bahalul, &#x2BB;Akiva H&#x323;iya,</marc:subfield>
  <marc:subfield code="e">witness.</marc:subfield>
</marc:datafield>
    <marc:datafield ind1="1" ind2=" " tag="700">
  <marc:subfield code="a">Tsuk&#x323;erman, Shemuel,</marc:subfield>
  <marc:subfield code="c">ha-Lev&#x323;i,</marc:subfield>
  <marc:subfield code="e">printer.</marc:subfield>
</marc:datafield>
    <marc:datafield ind1="1" ind2=" " tag="700">
  <marc:subfield code="a">Moussaieff, Shlomo,</marc:subfield>
  <marc:subfield code="e">former owner.</marc:subfield>
</marc:datafield>
    <marc:datafield ind1=" " ind2=" " tag="852">
  <marc:subfield code="b">Library at the Herbert D. Katz Center for Advanced Judaic Studies</marc:subfield>
  <marc:subfield code="a">University of Pennsylvania</marc:subfield>
  <marc:subfield code="e">420 Walnut Street, Philadelphia, Pennsylvania 19106-3703.</marc:subfield>
  <marc:subfield code="j">CAJS Rar Ms 467</marc:subfield>
</marc:datafield>
    <marc:datafield ind1="3" ind2=" " tag="880">
  <marc:subfield code="6">246-01/r</marc:subfield>
  <marc:subfield code="a">&#x5DB;&#x5EA;&#x5D5;&#x5D1;&#x5D4; : &#x5D8;&#x5D1;&#x5E8;&#x5D9;&#x5D4;</marc:subfield>
</marc:datafield>
    <marc:datafield ind1=" " ind2=" " tag="880">
  <marc:subfield code="6">500-02/r</marc:subfield>
  <marc:subfield code="a">"&#x5D1;&#x5E8;&#x5D1;&#x5D9;&#x5E2;&#x5D9; &#x5D1;&#x5E9;&#x5D1;&#x5EA; &#x5D1;&#x5D7;&#x5DE;&#x5E9;&#x5D4; &#x5D5;&#x5E2;&#x5E9;&#x5E8;&#x5D9;&#x5DD; &#x5D9;&#x5D5;&#x5DD; &#x5DC;&#x5D7;' &#x5D0;&#x5DC;&#x5D5;&#x5DC; &#x5E9;"&#x5E9; 5677 &#x5DC;&#x5D1;&#x5E8;&#x5D9;&#x5D0;&#x5EA; &#x5E2;&#x5D5;&#x5DC;&#x5DD; &#x5DC;&#x5DE;&#x5E0;&#x5D9;&#x5DF; &#x5E9;&#x5D0;&#x5E0;&#x5D5; &#x5DE;&#x5E0;&#x5D9;&#x5DF; &#x5DB;&#x5D0;&#x5DF; &#x5D1;&#x5DE;&#x5EA;&#x5D0; &#x5D8;&#x5D1;&#x5E8;&#x5D9;&#x5D4; &#x5EA;"&#x5D5; &#x5D3;&#x5E2;&#x5DC; &#x5DB;&#x5D9;&#x5E3; &#x5D9;&#x5DE;&#x5D0; &#x5D3;&#x5D8;&#x5D1;&#x5E8;&#x5D9;&#x5D0; &#x5D9;&#x5EA;&#x5D1;&#x5D0; &#x5D5;&#x5DE;&#x5D9;&#x5DE;&#x5D9;&#x5DE;&#x5D9; [&#x5DB;&#x5DA;] &#x5D4;&#x5D9;&#x5DD; &#x5D4;&#x5E0;&#x5D6;&#x5DB;&#x5E8; &#x5DE;&#x5E1;&#x5EA;&#x5E4;&#x5E7;&#x5D0; &#x5D0;&#x5D9;&#x5DA; &#x5D4;&#x5D7;&#x5EA;&#x5DF; ... &#x5DB;&#x5D4;"&#x5E8; &#x5DE;&#x5D0;&#x5D9;&#x5E8; &#x5D7;&#x5D8;&#x5D0;&#x5D1; ... &#x5DF; &#x5D4;"&#x5E8; &#x5E9;&#x5DE;&#x5D5;&#x5D0;&#x5DC; &#x5D7;&#x5D8;&#x5D0;&#x5D1; &#x5E0;"&#x5E2; &#x5D0;&#x5DE;&#x5E8; &#x5DC;&#x5D4; ... &#x5DE;' &#x5D7;&#x5E4;&#x5E6;&#x5D9; &#x5D1;&#x5D4; ... &#x5D1;&#x5EA; &#x5D4;"&#x5E8; ... &#x5DE;&#x5E9;&#x5D4; &#x5DE;&#x5DC;&#x5DB;&#x5D4; &#x5E0;"&#x5E2; &#x5D4;&#x5D5;&#x5D9; &#x5DC;&#x5D9; &#x5DC;&#x5D0;&#x5E0;&#x5EA;&#x5D5; &#x5DB;&#x5D3;&#x5EA; &#x5DE;&#x5E9;&#x5D4; &#x5D5;&#x5D9;&#x5E9;&#x5E8;&#x5D0;&#x5DC; ... &#x5D4;&#x5E6;&#x5E2;&#x5D9;&#x5E8; &#x5DE;&#x5D9;&#x5DE;&#x5D5;&#x5DF; [?] &#x5E8;&#x5D1;&#x5D5;&#x5D7;, &#x5E1;"&#x5D8;; &#x5D4;&#x5E6;&#x5E2;&#x5D9;&#x5E8; &#x5E2;&#x5E7;&#x5D9;&#x5D1;&#x5D0; &#x5D7;&#x5D9;&#x5D9;&#x5D0; &#x5D1;&#x5D4;&#x5DC;&#x5D5;&#x5DC;, &#x5E1;"&#x5D8;."</marc:subfield>
</marc:datafield>
    <marc:holdings>
      <marc:holding>
        <marc:holding_id>22533787720003681</marc:holding_id>
        <marc:call_number>CAJS Rar Ms 467</marc:call_number>
        <marc:library>KatzLib</marc:library>
        <marc:location>cjsrarms</marc:location>
      </marc:holding>
    </marc:holdings>
  </marc:record>
</marc:records>
